[gd_scene load_steps=15 format=2]

[ext_resource path="res://menus/menu_controller/menu_controller.gd" type="Script" id=1]
[ext_resource path="res://menus/select_husband/select_husband_menu.tscn" type="PackedScene" id=2]
[ext_resource path="res://menus/creation_folder/creation_menu.tscn" type="PackedScene" id=3]
[ext_resource path="res://assets/Tilesets/1bitpack_kenney_1.1/monochrome_transparent_packed.png" type="Texture" id=4]
[ext_resource path="res://Menus/unlock_parts/unlock_parts_menu.tscn" type="PackedScene" id=5]
[ext_resource path="res://Assets/fonts/cat_shop_big.tres" type="DynamicFont" id=6]
[ext_resource path="res://Menus/log_menu/log_menu.tscn" type="PackedScene" id=7]
[ext_resource path="res://Menus/news_menu/news_menu.tscn" type="PackedScene" id=8]
[ext_resource path="res://assets/fonts/cat_shop.tres" type="DynamicFont" id=9]
[ext_resource path="res://Assets/fonts/cat_shop_small.tres" type="DynamicFont" id=10]

[sub_resource type="StyleBoxFlat" id=2]
bg_color = Color( 0, 0, 0, 1 )

[sub_resource type="StyleBoxFlat" id=3]
bg_color = Color( 0, 0, 0, 1 )

[sub_resource type="RectangleShape2D" id=1]
extents = Vector2( 16, 16 )

[sub_resource type="StyleBoxFlat" id=4]
bg_color = Color( 1, 1, 1, 1 )

[node name="menu_controller" type="Control"]
anchor_right = 1.0
anchor_bottom = 1.0
rect_min_size = Vector2( 1280, 720 )
mouse_filter = 2
script = ExtResource( 1 )
__meta__ = {
"_edit_use_anchors_": false
}

[node name="spawn_cover" type="Panel" parent="."]
anchor_left = 0.5
anchor_right = 0.5
anchor_bottom = 1.0
margin_right = 85.0
rect_min_size = Vector2( 85, 720 )
custom_styles/panel = SubResource( 2 )
__meta__ = {
"_edit_use_anchors_": false
}

[node name="money" type="Panel" parent="."]
margin_left = 10.0
margin_top = 56.0
margin_right = 200.0
margin_bottom = 76.0
rect_min_size = Vector2( 190, 20 )
custom_styles/panel = SubResource( 3 )
__meta__ = {
"_edit_use_anchors_": false
}

[node name="money_info" type="HBoxContainer" parent="money"]
anchor_right = 1.0
anchor_bottom = 1.0
__meta__ = {
"_edit_use_anchors_": false
}

[node name="money" type="Label" parent="money/money_info"]
margin_right = 55.0
margin_bottom = 21.0
custom_colors/font_color = Color( 0.992157, 1, 0, 1 )
custom_fonts/font = ExtResource( 6 )
text = "Money: "

[node name="value" type="Label" parent="money/money_info"]
margin_left = 59.0
margin_right = 98.0
margin_bottom = 21.0
custom_fonts/font = ExtResource( 6 )
text = "XXX"

[node name="store_buttons" type="Node2D" parent="."]

[node name="CreateHusband" type="Area2D" parent="store_buttons"]
position = Vector2( 192, 216 )
collision_mask = 0

[node name="Sprite" type="Sprite" parent="store_buttons/CreateHusband"]
scale = Vector2( 2, 2 )
texture = ExtResource( 4 )
region_enabled = true
region_rect = Rect2( 384, 112, 16, 16 )

[node name="area" type="CollisionShape2D" parent="store_buttons/CreateHusband"]
shape = SubResource( 1 )

[node name="name" type="Label" parent="store_buttons/CreateHusband"]
anchor_right = 1.0
anchor_bottom = 1.0
margin_left = -50.0
margin_top = -50.0
margin_right = 55.0
margin_bottom = -10.0
rect_min_size = Vector2( 105, 40 )
custom_colors/font_color = Color( 1, 1, 1, 1 )
custom_fonts/font = ExtResource( 10 )
text = "Create Project"
__meta__ = {
"_edit_use_anchors_": false
}

[node name="SelectHusband" type="Area2D" parent="store_buttons"]
position = Vector2( 336, 216 )
collision_mask = 0

[node name="Sprite" type="Sprite" parent="store_buttons/SelectHusband"]
scale = Vector2( 2, 2 )
texture = ExtResource( 4 )
region_enabled = true
region_rect = Rect2( 400, 0, 16, 16 )

[node name="area" type="CollisionShape2D" parent="store_buttons/SelectHusband"]
shape = SubResource( 1 )

[node name="name" type="Label" parent="store_buttons/SelectHusband"]
anchor_right = 1.0
anchor_bottom = 1.0
margin_left = -50.0
margin_top = -50.0
margin_right = 55.0
margin_bottom = -10.0
rect_min_size = Vector2( 105, 40 )
custom_colors/font_color = Color( 1, 1, 1, 1 )
custom_fonts/font = ExtResource( 10 )
text = "Select Project"
__meta__ = {
"_edit_use_anchors_": false
}

[node name="UnlockParts" type="Area2D" parent="store_buttons"]
position = Vector2( 480, 216 )
collision_mask = 0

[node name="Sprite" type="Sprite" parent="store_buttons/UnlockParts"]
scale = Vector2( 2, 2 )
texture = ExtResource( 4 )
region_enabled = true
region_rect = Rect2( 128, 96, 16, 16 )

[node name="area" type="CollisionShape2D" parent="store_buttons/UnlockParts"]
shape = SubResource( 1 )

[node name="name" type="Label" parent="store_buttons/UnlockParts"]
anchor_right = 1.0
anchor_bottom = 1.0
margin_left = -50.0
margin_top = -50.0
margin_right = 55.0
margin_bottom = -10.0
rect_min_size = Vector2( 105, 40 )
custom_colors/font_color = Color( 1, 1, 1, 1 )
custom_fonts/font = ExtResource( 10 )
text = "Unlock Parts"
__meta__ = {
"_edit_use_anchors_": false
}

[node name="news_menu" parent="." instance=ExtResource( 8 )]
anchor_bottom = 0.0
margin_left = 10.0
margin_top = 33.0
margin_right = -390.0
margin_bottom = 60.0
rect_min_size = Vector2( 880, 27 )

[node name="log_menu" parent="." instance=ExtResource( 7 )]
anchor_left = 1.0
anchor_top = 0.5
anchor_bottom = 0.5
margin_left = -620.0
margin_top = -300.0
margin_right = -20.0
margin_bottom = 356.0

[node name="creation_menu" parent="." instance=ExtResource( 3 )]
visible = false

[node name="select_husband_menu" parent="." instance=ExtResource( 2 )]
visible = false
anchor_left = 1.0
anchor_top = 1.0
margin_left = -600.0
margin_top = -670.0
rect_min_size = Vector2( 600, 640 )

[node name="unlock_parts_menu" parent="." instance=ExtResource( 5 )]
visible = false

[node name="main_menu_button" type="Button" parent="."]
anchor_left = 1.0
anchor_right = 1.0
margin_left = -100.0
margin_top = 15.0
margin_right = -30.0
margin_bottom = 45.0
rect_min_size = Vector2( 80, 20 )
custom_colors/font_color = Color( 0, 0, 0, 1 )
custom_fonts/font = ExtResource( 9 )
custom_styles/normal = SubResource( 4 )
text = "MENU"
__meta__ = {
"_edit_use_anchors_": false
}

[connection signal="input_event" from="store_buttons/CreateHusband" to="." method="_on_CreateHusband_input_event"]
[connection signal="input_event" from="store_buttons/SelectHusband" to="." method="_on_SelectHusband_input_event"]
[connection signal="input_event" from="store_buttons/UnlockParts" to="." method="_on_UnlockParts_input_event"]
[connection signal="husband_canceled" from="creation_menu" to="." method="_on_creation_menu_husband_canceled"]
[connection signal="husband_created" from="creation_menu" to="." method="_on_creation_menu_husband_created"]
[connection signal="husband_cancel" from="select_husband_menu" to="." method="_on_SelectHusbandMenu_husband_cancel"]
[connection signal="husband_selected" from="select_husband_menu" to="." method="_on_SelectHusbandMenu_husband_selected"]
[connection signal="back_main_menu" from="unlock_parts_menu" to="." method="_on_menu_pressed"]
[connection signal="buy_random_part" from="unlock_parts_menu" to="." method="_on_unlock_parts_buy_random_part"]
[connection signal="purchase_cancel" from="unlock_parts_menu" to="." method="_on_unlock_parts_purchase_cancel"]
[connection signal="retire" from="unlock_parts_menu" to="." method="_on_retire"]
[connection signal="pressed" from="main_menu_button" to="." method="_on_menu_pressed"]
