[gd_scene load_steps=25 format=2]

[ext_resource path="res://entities/store/husband_stand_manager/husband_stand_manager.tscn" type="PackedScene" id=1]
[ext_resource path="res://menus/menu_controller/menu_controller.tscn" type="PackedScene" id=2]
[ext_resource path="res://entities/client_manager/client_manager.tscn" type="PackedScene" id=3]
[ext_resource path="res://entities/store/store.tscn" type="PackedScene" id=4]
[ext_resource path="res://entities/parts_instances/bodies/capybara_body.tscn" type="PackedScene" id=5]
[ext_resource path="res://entities/parts_instances/extras/chihuahua_anger.tscn" type="PackedScene" id=6]
[ext_resource path="res://entities/parts_instances/heads/capybara_head.tscn" type="PackedScene" id=7]
[ext_resource path="res://entities/parts_instances/bodies/gorilla_body.tscn" type="PackedScene" id=8]
[ext_resource path="res://entities/parts_instances/bodies/peacock_body.tscn" type="PackedScene" id=9]
[ext_resource path="res://entities/parts_instances/bodies/crocodile_body.tscn" type="PackedScene" id=10]
[ext_resource path="res://entities/parts_instances/extras/dolphin_brain.tscn" type="PackedScene" id=11]
[ext_resource path="res://entities/store/parts_manager/parts_manager.tscn" type="PackedScene" id=12]
[ext_resource path="res://Assets/audio/centaur-forest.wav" type="AudioStream" id=13]
[ext_resource path="res://entities/parts_instances/extras/goose_ballsiness.tscn" type="PackedScene" id=14]
[ext_resource path="res://entities/parts_instances/extras/monkey_smile.tscn" type="PackedScene" id=15]
[ext_resource path="res://entities/parts_instances/extras/rat_voice.tscn" type="PackedScene" id=16]
[ext_resource path="res://entities/parts_instances/heads/eagle_head.tscn" type="PackedScene" id=17]
[ext_resource path="res://entities/parts_instances/heads/frog_head.tscn" type="PackedScene" id=18]
[ext_resource path="res://entities/parts_instances/heads/llama_head.tscn" type="PackedScene" id=19]
[ext_resource path="res://entities/parts_instances/extras/panda_makeup.tscn" type="PackedScene" id=20]
[ext_resource path="res://entities/parts_instances/bodies/fox_body.tscn" type="PackedScene" id=21]
[ext_resource path="res://entities/parts_instances/heads/rhinoceros_head.tscn" type="PackedScene" id=22]
[ext_resource path="res://entities/parts_instances/heads/wolf_head.tscn" type="PackedScene" id=23]
[ext_resource path="res://entities/parts_instances/bodies/flamingo_body.tscn" type="PackedScene" id=24]

[node name="game_scene" type="Node2D"]

[node name="AudioStreamPlayer" type="AudioStreamPlayer" parent="."]
stream = ExtResource( 13 )
volume_db = -15.0
autoplay = true

[node name="store" parent="." instance=ExtResource( 4 )]
husband_stand_path = NodePath("../husband_stand_manager")
parts_manager_path = NodePath("../parts_manager")
money = 80

[node name="client_manager" parent="." instance=ExtResource( 3 )]
store_path = NodePath("../store")

[node name="husband_stand_manager" parent="." instance=ExtResource( 1 )]

[node name="parts_manager" parent="." instance=ExtResource( 12 )]
initial_parts = [ ExtResource( 5 ), ExtResource( 6 ), ExtResource( 7 ) ]
parts_to_buy = [ ExtResource( 10 ), ExtResource( 24 ), ExtResource( 21 ), ExtResource( 8 ), ExtResource( 9 ), ExtResource( 11 ), ExtResource( 14 ), ExtResource( 15 ), ExtResource( 20 ), ExtResource( 16 ), ExtResource( 17 ), ExtResource( 18 ), ExtResource( 19 ), ExtResource( 22 ), ExtResource( 23 ) ]

[node name="menu_controller" parent="." instance=ExtResource( 2 )]
store_manager_path = NodePath("../store")

[connection signal="cant_buy_part" from="store" to="menu_controller" method="show_cant_buy_part"]
[connection signal="cant_produce" from="store" to="menu_controller" method="show_cant_produce_husband"]
[connection signal="cant_retire" from="store" to="menu_controller" method="show_cant_retire"]
[connection signal="money_changed" from="store" to="menu_controller" method="update_money"]
[connection signal="no_parts_to_buy" from="store" to="menu_controller" method="show_parts_sold_out"]
[connection signal="retired" from="store" to="client_manager" method="on_retire"]
[connection signal="retired" from="store" to="menu_controller" method="show_retired"]
[connection signal="set_retirement_cost" from="store" to="menu_controller" method="show_retirement_cost"]
[connection signal="unlocked_part" from="store" to="menu_controller" method="show_unlocked_part"]
[connection signal="client_left_log" from="client_manager" to="menu_controller" method="add_log"]
[connection signal="new_trend" from="client_manager" to="menu_controller" method="show_new_trend"]
[connection signal="husband_built" from="husband_stand_manager" to="store" method="money_expense"]
[connection signal="husband_sold" from="husband_stand_manager" to="store" method="money_income"]
[connection signal="purchase_log" from="husband_stand_manager" to="menu_controller" method="add_log"]
[connection signal="set_unlock_cost" from="parts_manager" to="menu_controller" method="show_unlock_cost"]
