[gd_scene load_steps=3 format=2]

[ext_resource path="res://entities/store/husband_stand_manager/husband_stand_manager.gd" type="Script" id=1]
[ext_resource path="res://entities/store/husband_stand/husband_stand.tscn" type="PackedScene" id=3]

[node name="HusbandStandManager" type="Node2D"]
script = ExtResource( 1 )

[node name="HusbandStand1" parent="." instance=ExtResource( 3 )]
position = Vector2( 128, 320 )

[node name="HusbandStand2" parent="." instance=ExtResource( 3 )]
position = Vector2( 128, 352 )

[node name="HusbandStand3" parent="." instance=ExtResource( 3 )]
position = Vector2( 128, 384 )

[node name="HusbandStand4" parent="." instance=ExtResource( 3 )]
position = Vector2( 128, 424 )

[node name="HusbandStand5" parent="." instance=ExtResource( 3 )]
position = Vector2( 128, 464 )

[node name="HusbandStand6" parent="." instance=ExtResource( 3 )]
position = Vector2( 128, 496 )

[node name="HusbandStand7" parent="." instance=ExtResource( 3 )]
position = Vector2( 128, 528 )

[node name="HusbandStand28" parent="." instance=ExtResource( 3 )]
position = Vector2( 544, 320 )

[node name="HusbandStand29" parent="." instance=ExtResource( 3 )]
position = Vector2( 544, 352 )

[node name="HusbandStand30" parent="." instance=ExtResource( 3 )]
position = Vector2( 544, 384 )

[node name="HusbandStand31" parent="." instance=ExtResource( 3 )]
position = Vector2( 544, 424 )

[node name="HusbandStand32" parent="." instance=ExtResource( 3 )]
position = Vector2( 544, 464 )

[node name="HusbandStand33" parent="." instance=ExtResource( 3 )]
position = Vector2( 544, 496 )

[node name="HusbandStand34" parent="." instance=ExtResource( 3 )]
position = Vector2( 544, 528 )

[node name="HusbandStand8" parent="." instance=ExtResource( 3 )]
position = Vector2( 192, 352 )

[node name="HusbandStand9" parent="." instance=ExtResource( 3 )]
position = Vector2( 192, 384 )

[node name="HusbandStand10" parent="." instance=ExtResource( 3 )]
position = Vector2( 192, 424 )

[node name="HusbandStand11" parent="." instance=ExtResource( 3 )]
position = Vector2( 192, 464 )

[node name="HusbandStand12" parent="." instance=ExtResource( 3 )]
position = Vector2( 192, 496 )

[node name="HusbandStand13" parent="." instance=ExtResource( 3 )]
position = Vector2( 272, 352 )

[node name="HusbandStand14" parent="." instance=ExtResource( 3 )]
position = Vector2( 272, 384 )

[node name="HusbandStand15" parent="." instance=ExtResource( 3 )]
position = Vector2( 272, 424 )

[node name="HusbandStand16" parent="." instance=ExtResource( 3 )]
position = Vector2( 272, 464 )

[node name="HusbandStand17" parent="." instance=ExtResource( 3 )]
position = Vector2( 272, 496 )

[node name="HusbandStand18" parent="." instance=ExtResource( 3 )]
position = Vector2( 400, 352 )

[node name="HusbandStand19" parent="." instance=ExtResource( 3 )]
position = Vector2( 400, 384 )

[node name="HusbandStand20" parent="." instance=ExtResource( 3 )]
position = Vector2( 400, 424 )

[node name="HusbandStand21" parent="." instance=ExtResource( 3 )]
position = Vector2( 400, 464 )

[node name="HusbandStand22" parent="." instance=ExtResource( 3 )]
position = Vector2( 400, 496 )

[node name="HusbandStand23" parent="." instance=ExtResource( 3 )]
position = Vector2( 480, 352 )

[node name="HusbandStand24" parent="." instance=ExtResource( 3 )]
position = Vector2( 480, 384 )

[node name="HusbandStand25" parent="." instance=ExtResource( 3 )]
position = Vector2( 480, 424 )

[node name="HusbandStand26" parent="." instance=ExtResource( 3 )]
position = Vector2( 480, 464 )

[node name="HusbandStand27" parent="." instance=ExtResource( 3 )]
position = Vector2( 480, 496 )
