[gd_scene load_steps=26 format=2]

[ext_resource path="res://entities/store/husband_stand_manager/husband_stand_manager.tscn" type="PackedScene" id=1]
[ext_resource path="res://menus/menu_controller/menu_controller.tscn" type="PackedScene" id=2]
[ext_resource path="res://entities/client_manager/client_manager.tscn" type="PackedScene" id=3]
[ext_resource path="res://entities/store/store.tscn" type="PackedScene" id=4]
[ext_resource path="res://test_scenes/test_multi_menu.gd" type="Script" id=5]
[ext_resource path="res://entities/parts_instances/bodies/capybara_body.tscn" type="PackedScene" id=6]
[ext_resource path="res://entities/parts_instances/extras/chihuahua_anger.tscn" type="PackedScene" id=7]
[ext_resource path="res://entities/parts_instances/heads/capybara_head.tscn" type="PackedScene" id=8]
[ext_resource path="res://entities/parts_instances/extras/dolphin_brain.tscn" type="PackedScene" id=9]
[ext_resource path="res://entities/parts_instances/extras/goose_ballsiness.tscn" type="PackedScene" id=10]
[ext_resource path="res://entities/parts_instances/extras/monkey_smile.tscn" type="PackedScene" id=11]
[ext_resource path="res://entities/store/parts_manager/parts_manager.tscn" type="PackedScene" id=12]
[ext_resource path="res://Assets/audio/centaur-forest.wav" type="AudioStream" id=13]
[ext_resource path="res://entities/parts_instances/extras/rat_voice.tscn" type="PackedScene" id=14]
[ext_resource path="res://entities/parts_instances/heads/eagle_head.tscn" type="PackedScene" id=15]
[ext_resource path="res://entities/parts_instances/bodies/gorilla_body.tscn" type="PackedScene" id=16]
[ext_resource path="res://entities/parts_instances/heads/frog_head.tscn" type="PackedScene" id=17]
[ext_resource path="res://entities/parts_instances/heads/llama_head.tscn" type="PackedScene" id=18]
[ext_resource path="res://entities/parts_instances/extras/panda_makeup.tscn" type="PackedScene" id=19]
[ext_resource path="res://entities/parts_instances/bodies/fox_body.tscn" type="PackedScene" id=20]
[ext_resource path="res://entities/parts_instances/heads/rhinoceros_head.tscn" type="PackedScene" id=21]
[ext_resource path="res://entities/parts_instances/heads/wolf_head.tscn" type="PackedScene" id=22]
[ext_resource path="res://entities/parts_instances/bodies/peacock_body.tscn" type="PackedScene" id=23]
[ext_resource path="res://entities/parts_instances/bodies/crocodile_body.tscn" type="PackedScene" id=24]
[ext_resource path="res://entities/parts_instances/bodies/flamingo_body.tscn" type="PackedScene" id=25]

[node name="TestMultiMenu" type="Node2D"]
script = ExtResource( 5 )

[node name="AudioStreamPlayer" type="AudioStreamPlayer" parent="."]
stream = ExtResource( 13 )
volume_db = -15.0
autoplay = true

[node name="Store" parent="." instance=ExtResource( 4 )]
husband_stand_path = NodePath("../HusbandStandManager")
parts_manager_path = NodePath("../parts_manager")

[node name="ClientSpawner" parent="." instance=ExtResource( 3 )]
store_path = NodePath("../Store")

[node name="HusbandStandManager" parent="." instance=ExtResource( 1 )]

[node name="parts_manager" parent="." instance=ExtResource( 12 )]
initial_parts = [ ExtResource( 6 ), ExtResource( 7 ), ExtResource( 8 ) ]
parts_to_buy = [ ExtResource( 24 ), ExtResource( 25 ), ExtResource( 20 ), ExtResource( 16 ), ExtResource( 23 ), ExtResource( 9 ), ExtResource( 10 ), ExtResource( 11 ), ExtResource( 19 ), ExtResource( 14 ), ExtResource( 15 ), ExtResource( 17 ), ExtResource( 18 ), ExtResource( 21 ), ExtResource( 22 ) ]

[node name="MenuController" parent="." instance=ExtResource( 2 )]
store_manager_path = NodePath("../Store")

[connection signal="no_parts_to_buy" from="Store" to="MenuController" method="show_parts_sold_out"]
[connection signal="unlocked_part" from="Store" to="MenuController" method="show_unlocked_part"]
[connection signal="husband_sold" from="HusbandStandManager" to="Store" method="money_income"]
[connection signal="set_unlock_cost" from="parts_manager" to="MenuController" method="show_unlock_cost"]
